@book{sommerville1997requirements,
  title={Requirements engineering: a good practice guide},
  author={Sommerville, Ian and Sawyer, Pete},
  year={1997},
  publisher={John Wiley \& Sons, Inc.}
}
@book{pressman2005software,
  title={Software engineering: a practitioner's approach},
  author={Pressman, Roger S},
  year={2005},
  publisher={Palgrave macmillan}
}
@book{project2000guide,
  title={A guide to the project management body of knowledge (PMBOK guide).},
  author={Project Management Institute},
  volume={2},
  year={2000},
  publisher={Project Management Inst}
}
@book{de2003engenharia,
  title={Engenharia de software},
  author={de P{\'a}dua Paula Filho, Wilson},
  volume={2},
  year={2003},
  publisher={LTC}
}
@misc{wiki:Requisito_funcional,
   author = "Wikipedia",
   title = "{Requisito funcional} --- {W}ikipedia{,} The Free Encyclopedia",
   year = "2020",
   howpublished = {\url{http://pt.wikipedia.org/w/index.php?title=Requisito\%20funcional&oldid=58078962}},
   note = "[Online; accessed 18-May-2020]"
 }
@misc{wiki:Sistema_de_controle_de_versoes,
   author = "Wikipedia",
   title = "{Sistema de controle de vers√µes} --- {W}ikipedia{,} The Free Encyclopedia",
   year = "2020",
   howpublished = {\url{http://pt.wikipedia.org/w/index.php?title=Sistema\%20de\%20controle\%20de\%20vers\%C3\%B5es&oldid=57057964}},
   note = "[Online; accessed 18-May-2020]"
 }
@misc{wiki:Continuous_integration,
   author = "Wikipedia",
   title = "{Continuous integration} --- {W}ikipedia{,} The Free Encyclopedia",
   year = "2020",
   howpublished = {\url{http://en.wikipedia.org/w/index.php?title=Continuous\%20integration&oldid=956716760}},
   note = "[Online; accessed 18-May-2020]"
 }
@misc{wiki:Microcontrolador,
   author = "Wikipedia",
   title = "{Microcontrolador} --- {W}ikipedia{,} The Free Encyclopedia",
   year = "2020",
   howpublished = {\url{http://pt.wikipedia.org/w/index.php?title=Microcontrolador&oldid=58131257}},
   note = "[Online; accessed 19-May-2020]"
 }
